% This file was created with Citavi 5.1.0.0

@misc{.,
 title = {{\dq}Through a PRISM Darkly: Surveillance and Speech Suppression in the Pos{\dq} by David Barnhizer},
 url = {\url{http://works.bepress.com/david_barnhizer/77/}},
 keywords = {de Tocqueville;domestic spying;fading democracy;free speech;Google;governmental control;insult;internet;loss of democracy;monitoring;National Security;NSA;PRISM;social fragmentation;surveillance;Surveillance Society;Yahoo},
 urldate = {02.10.2015}
}


@book{Accardi.2010,
 year = {2010},
 title = {Critical library instruction: Theories and methods},
 address = {Duluth MN},
 publisher = {{Library Juice Press}},
 isbn = {978-1-936117-01-7},
 editor = {Accardi, Maria T. and Drabinski, Emily and Kumbier, Alana}
}


@misc{Adamo.2011,
 author = {Adamo, Stefano},
 year = {2011},
 title = {The Social Diffusion of Specialist Knowledge},
 address = {New York},
 series = {Part of the Cultural Evolution Seminar Series at Brooklyn College}
}


@book{Allan.2002,
 author = {Allan, Barbara},
 year = {2002},
 title = {E-learning and teaching in library and information services},
 keywords = {computer-aided learning;E-Learning;e-tutoring;information literacy;libraries;online media;training sessions},
 address = {London},
 publisher = {Facet},
 isbn = {978-1-85604-439-4}
}


@book{Ambrose.2010,
 author = {Ambrose, Susan A. and Bridges, Michael W. and DiPietro, Michele and Lovett, Marsha C. and Norman, Marie K.},
 year = {2010},
 title = {How learning works: Seven research-based principles for smart teaching: Foreword by Richard E. Mayer},
 address = {San Francisco, California},
 publisher = {Jossey-Bass},
 isbn = {978-0470484104},
 series = {The Jossey-Bass higher and adult education series}
}


@misc{AmericanLibraryAssociation.2008,
 editor = {{American Library Association}},
 year = {2008},
 title = {Information Literacy Competency Standards for Higher Education},
 url = {\url{http://www.ala.org/ala/mgrps/divs/acrl/standards/informationliteracycompetency.cfm}},
 keywords = {information literacy;standards},
 address = {Chicago, Illinois},
 urldate = {31.10.2014}
}


@book{AmericanPsychologicalAssociation.2010,
 year = {2010},
 title = {Publication manual of the American Psychological Association},
 address = {Washington, D.C.},
 edition = {6},
 publisher = {{American Psychological Association}},
 isbn = {1433805618},
 institution = {{American Psychological Association}}
}


@book{Andretta.2004,
 author = {Andretta, Susie},
 year = {2004},
 title = {Information literacy: A practitioner's guide},
 keywords = {information literacy;information sciences},
 address = {Oxford},
 publisher = {Chandos},
 isbn = {1-843340-66-6},
 series = {Chandos information professional series}
}


@book{Baker.2013,
 author = {Baker, Kim},
 year = {2013},
 title = {Information literacy and cultural heritage: Developing a model for lifelong learning},
 address = {Cambridge},
 publisher = {Woodhead},
 isbn = {978-1-84334-720-0},
 series = {Chandos information professional series}
}


@article{Bawden.2001,
 author = {Bawden, David},
 year = {2001},
 title = {Information and digital literacies: A review of concepts},
 keywords = {computer literacy;information literacy;Library literacy},
 pages = {218--259},
 volume = {57},
 number = {2},
 journal = {Journal of Documentation},
 doi = {\url{10.1108/EUM0000000007083}}
}


@misc{Bent.2011,
 author = {Bent, Moira and Stubbings, Ruth},
 year = {2011},
 title = {The SCONUL Seven Pillars of Information Literacy: Core Model For Higher Education},
 url = {\url{http://www.sconul.ac.uk/sites/default/files/documents/coremodel.pdf}},
 urldate = {05.11.2014},
 institution = {{SCONUL Working Group on Information Literacy}}
}


@article{Berghel.2013,
 author = {Berghel, Hal},
 year = {2013},
 title = {Through the PRISM Darkly},
 pages = {86--90},
 volume = {46},
 number = {7},
 issn = {0018-9162},
 journal = {Computer},
 doi = {\url{10.1109/MC.2013.253}}
}


@misc{Black.21.12.2004,
 author = {Black, Richard},
 year = {21.12.2004},
 title = {The Future of Published Science},
 keywords = {open access;publication rate},
 series = {Publish or be damned},
 institution = {{BBC Radio 4}}
}


@book{Bloch.2012,
 author = {Bloch, Joel},
 year = {2012},
 title = {Plagiarism, intellectual property and the teaching of L2 writing},
 address = {Bristol},
 publisher = {{Multilingual Matters}},
 isbn = {1847696511}
}


@book{Breivik.1989,
 author = {Breivik, Patricia and Gee, Gordon E.},
 year = {1989},
 title = {Information Literacy: Revolution in the Library},
 publisher = {{Greenwood Publishing Group}},
 isbn = {0-029114-40-3},
 series = {Oryx Press Series on Higher Education},
 institution = {{American Council on Education}}
}


@article{Bruce.1999,
 author = {Bruce, Christine Susan},
 year = {1999},
 title = {Workplace experiences of information literacy},
 url = {\url{http://dx.doi.org/10.1016/S0268-4012(98)00045-0}},
 pages = {33--47},
 volume = {19},
 number = {1},
 issn = {0268-4012},
 journal = {International Journal of Information Management},
 doi = {\url{10.1016/S0268-4012}}
}


@book{Burkhardt.2010,
 author = {Burkhardt, Joanna M. and MacDonald, Mary C. and Rathemacher, Andr{\'e}e J.},
 year = {2010},
 title = {Teaching information literacy: 50 standards-based exercises for college students},
 keywords = {American Library Association;instruction concepts},
 address = {Chicago, Illinois},
 edition = {2},
 publisher = {{American Library Association}},
 isbn = {978-0-8389-1053-5}
}


@article{Cacchione.2014,
 author = {Cacchione, Pamela Z. and Zurkowski, Paul G.},
 year = {2014},
 title = {Nurse scientists' information literacy is supported by librarians},
 pages = {3--6},
 volume = {23},
 number = {1},
 issn = {1552-3799},
 journal = {Clinical nursing research},
 doi = {\url{10.1177/1054773813520267}}
}


@article{Carder.2001,
 author = {Carder, Linda and Willingham, Patricia and Bibb, David},
 year = {2001},
 title = {Case-based, problem-based learning: Information literacy for the real world},
 pages = {181--190},
 volume = {18},
 number = {3},
 journal = {Research Strategies},
 doi = {\url{10.1016/S0734-3310(02)00087-3}}
}


@article{Clairoux.2013,
 author = {Clairoux, Natalie and Desbiens, Sylvie and Clar, Monique and Dupont, Patrice and St-Jean, Monique},
 year = {2013},
 title = {Integrating information literacy in health sciences curricula: a case study from Qu{\'e}bec},
 keywords = {curriculum;information literacy;information retrieval;Organizational Case Studies;Universities},
 pages = {201--211},
 volume = {30},
 number = {3},
 issn = {1471-1834},
 journal = {Health information and libraries journal},
 doi = {\url{10.1111/hir.12025}}
}


@book{Coiro.2014,
 author = {Coiro, Julie and Knobel, Michele and Lankshear, Colin and Leu, Donald J.},
 year = {2014},
 title = {Handbook of research on new literacies},
 address = {New York},
 publisher = {Routledge},
 isbn = {1136650865}
}


@article{Correia.2003,
 author = {Correia, Ana Maria Ramalho and Teixeira, Jos{\'e} Carlos},
 year = {2003},
 title = {Information literacy: An integrated concept for a safer Internet},
 keywords = {information literacy;internet},
 pages = {311--320},
 volume = {27},
 number = {5},
 journal = {Online Information Review}
}


@book{Cox.2008,
 author = {Cox, Christopher N.},
 year = {2008},
 title = {Information literacy instruction handbook},
 address = {Chicago, Illinois},
 publisher = {{Association of College and Research Libraries}},
 isbn = {978-0-8389-0963-8}
}


@book{Eisenberg.2004,
 author = {Eisenberg, Michael B. and Lowe, Carrie A. and Spitzer, Kathleen L.},
 year = {2004},
 title = {Information literacy essential skills for the information age},
 keywords = {information literacy},
 address = {Westport, Connecticut},
 publisher = {{Libraries Unlimited}},
 isbn = {1-591581-43-5}
}


@book{Fulton.2010,
 author = {Fulton, Crystal},
 year = {2010},
 title = {Information pathways: A problem-solving approach to information literacy},
 address = {Lanham, Maryland},
 publisher = {{Scarecrow Press}},
 isbn = {0810874261}
}


@book{Gillespie.2010,
 year = {2010},
 title = {A guide to faculty development},
 address = {San Francisco, California},
 edition = {2},
 publisher = {Jossey-Bass},
 isbn = {0470405570},
 series = {The Jossey-Bass higher and adult education series},
 editor = {Gillespie, Kay Herr}
}


@book{Gilton.2012,
 author = {Gilton, Donna L.},
 year = {2012},
 title = {Lifelong learning in public libraries: Principles, programs, and people},
 address = {Lanham, Maryland},
 publisher = {{Scarecrow Press}},
 isbn = {978-0-8108-8356-7}
}


@book{Goad.2002,
 author = {Goad, Tom W.},
 year = {2002},
 title = {Information literacy and workplace performance},
 keywords = {information literacy;workplace literacy},
 address = {Westport, Connecticut},
 publisher = {{Quorum Books}},
 isbn = {1-567204-54-6}
}


@article{Gormally.2012,
 author = {Gormally, Cara and Brickman, Peggy and Lutz, Mary},
 year = {2012},
 title = {Developing a Test of Scientific Literacy Skills (TOSLS): measuring undergraduates' evaluation of scientific information and arguments},
 keywords = {Demography;Knowledge;learning},
 pages = {364--377},
 volume = {11},
 number = {4},
 issn = {1931-7913},
 journal = {CBE life sciences education},
 doi = {\url{10.1187/cbe.12-03-0026}}
}


@misc{Gouveia.2002,
 author = {Gouveia, Luis},
 year = {2002},
 title = {Emergent skills in higher education:  from know-how to know-where, know-who, know-what, know-when and know-why: Virtual Learning {\&} Higher Education. 1st International Conference. Mainsfield College. Oxford, England, 10-11 September},
 url = {\url{http://homepage.ufp.pt/lmbg/com/oxford_11set.pdf}},
 urldate = {12.01.2015}
}


@article{Grafstein.2002,
 author = {Grafstein, Ann},
 year = {2002},
 title = {A discipline-based approach to information literacy},
 keywords = {evaluation;information literacy;teaching;training sessions},
 pages = {197--204},
 volume = {28},
 number = {4},
 issn = {0099-1333},
 journal = {The Journal of Academic Librarianship},
 doi = {\url{10.1016/S0099-1333(02)00283-5}}
}


@book{Grassian.2009,
 author = {Grassian, Esther S. and Kaplowitz, Joan R.},
 year = {2009},
 title = {Information literacy instruction},
 keywords = {information literacy},
 address = {New York},
 edition = {2},
 publisher = {Neal-Schuman},
 isbn = {978-1-55570-666-1}
}


@article{Hamilton.2014,
 author = {Hamilton, Angela and Chang, Kayo and Williams, Brett and Koopmans, Heather},
 year = {2014},
 title = {International Perspectives on Information Literacy: A Panel Discussion},
 url = {\url{http://digitalcommons.georgiasouthern.edu/gaintlit/2014/2014/54/}}
}


@misc{Harris.17.11.1997,
 author = {Harris, Robert},
 year = {17.11.1997},
 title = {Evaluating Internet Research Sources},
 url = {\url{http://www.virtualsalt.com/evalu8it.htm}},
 keywords = {CARS;information quality},
 urldate = {31.10.2014}
}


@article{Heinrichs.2010,
 author = {Heinrichs, John H. and Lim, Jeen-su},
 year = {2010},
 title = {Information literacy and office tool competencies: A benchmark study},
 pages = {153--164},
 volume = {85},
 number = {3},
 journal = {Journal of education for business}
}


@inproceedings{Hohmann.2014,
 author = {Hohmann, Tina},
 title = {Long Term Evaluation of Information Literacy Programme},
 keywords = {information literacy;long-term evaluation;quality management},
 editor = {{International Association of Technological University Libraries}},
 booktitle = {35th annual IATUL Conference},
 year = {2014}
}


@book{Huang.1998,
 author = {Huang, Kuan-Tsae and Wang, Richard Y. and Lee, Yang W.},
 year = {1998},
 title = {Quality Information and Knowledge},
 keywords = {information quality;knowledge management},
 address = {Upper Saddle River, New Jersey},
 publisher = {{Prentice Hall}},
 isbn = {0-130101-41-9}
}


@article{Hyldegard.2009,
 author = {Hyldeg{\r{a}}rd, Jette},
 year = {2009},
 title = {Beyond the search process - Exploring group members' information behavior in context},
 keywords = {information search process},
 pages = {142--158},
 volume = {45},
 number = {1},
 issn = {0306-4573},
 journal = {Information Processing {\&} Management},
 doi = {\url{10.1016/j.ipm.2008.05.007}}
}


@proceedings{InternationalAssociationofTechnologicalUniversityLibraries.2014,
 year = {2014},
 title = {35th annual IATUL Conference},
 editor = {{International Association of Technological University Libraries}}
}


@inproceedings{Jackson.2014,
 author = {Jackson, Brian and MacMillan, Margy and Sinotte, Michelle},
 title = {Great Expectations: Results from a Faculty Survey of Students' Information Literacy Proficiency},
 url = {\url{https://mruir.mtroyal.ca/xmlui/bitstream/handle/11205/133/GreatExpectationsResultsFromAFacultySurvey%20.pdf?sequence=1}},
 editor = {{International Association of Technological University Libraries}},
 booktitle = {35th annual IATUL Conference},
 year = {2014}
}


@article{Janke.2012,
 author = {Janke, Robert and Pesut, Barbara and Erbacker, Lynnelle},
 year = {2012},
 title = {Promoting information literacy through collaborative service learning in an undergraduate research course},
 keywords = {Attitude of Health Personnel;Cooperative Behavior;information literacy;learning},
 pages = {920--923},
 volume = {32},
 number = {8},
 issn = {0260-6917},
 journal = {Nurse education today},
 doi = {\url{10.1016/j.nedt.2011.09.016}}
}


@article{Johnston.2003,
 author = {Johnston, Bill and Weber, Sheila},
 year = {2003},
 title = {Information Literacy in Higher Education: A review and case study},
 url = {\url{http://ejournals.ebsco.com/direct.asp?ArticleID=7DGMG63EDEQNWTTX71QK}},
 keywords = {ACRL;CAUL;curriculum},
 pages = {335--352},
 volume = {28},
 number = {3},
 journal = {Studies in Higher Education}
}


@article{Joint.2003,
 author = {Joint, Nicholas},
 year = {2003},
 title = {Information literacy evaluation: Moving towards virtual learning environments},
 keywords = {E-Learning;evaluation},
 pages = {322--334},
 volume = {21},
 number = {4},
 issn = {0264-0473},
 journal = {The Electronic Library}
}


@article{Joint.2005,
 author = {Joint, Nicholas},
 year = {2005},
 title = {eLiteracy or information literacy: which concept should we prefer?},
 keywords = {e-literacy;information literacy;learning},
 pages = {505--507},
 volume = {54},
 number = {9},
 issn = {0024-2535},
 journal = {Library Review},
 doi = {\url{10.1108/00242530510629506}}
}


@article{Julien.2005,
 author = {Julien, Heidi and Breu, Reegan D.},
 year = {2005},
 title = {Instructional practices in Canadian public libraries},
 keywords = {information literacy;investigation;public library},
 pages = {281--301},
 volume = {27},
 number = {3},
 issn = {07408188},
 journal = {Library {\&} Information Science Research},
 doi = {\url{10.1016/j.lisr.2005.04.002}}
}


@article{Kingsley.2011,
 author = {Kingsley, Karl and Galbraith, Gillian M. and Herring, Matthew and Stowers, Eva and Stewart, Tanis and Kingsley, Karla V.},
 year = {2011},
 title = {Why not just Google it? An assessment of information literacy skills in a biomedical science curriculum},
 keywords = {Adult;curriculum;Data Collection;Educational Measurement;information literacy;Young Adult},
 pages = {17},
 volume = {11},
 issn = {1472-6920},
 journal = {BMC medical education},
 doi = {\url{10.1186/1472-6920-11-17}}
}


@article{Knapp.1956,
 author = {Knapp, Patricia B.},
 year = {1956},
 title = {A Suggested Program of College Instruction in the Use of the Library},
 pages = {224--231},
 volume = {26},
 number = {7},
 journal = {Library Quarterly}
}


@article{Kreps.2014,
 author = {Kreps, Dennis},
 year = {2014},
 title = {Information Literacy: The Search for Practices and Policies},
 url = {\url{https://journals.iupui.edu/index.php/IndianaLibraries/article/download/16741/pdf_230}},
 pages = {9--12},
 volume = {16},
 number = {1},
 issn = {2164-0475},
 journal = {Indiana Libraries}
}


@article{Lacy.2014,
 author = {Lacy, Meagan},
 year = {2014},
 title = {Sources: Information Literacy Instruction That Works: A Guide to Teaching by Discipline and Student Population},
 pages = {367--368},
 volume = {53},
 number = {4},
 issn = {1094-9054},
 journal = {Reference {\&} User Services Quarterly}
}


@phdthesis{Leino.2014,
 author = {Leino, Kaisa},
 year = {2014},
 title = {The relationship between ICT use and reading literacy: Focus on 15-year-old Finnish students in PISA studies},
 url = {\url{https://ktl.jyu.fi/julkaisut/julkaisuluettelo/julkaisut/2014/t030.pdf}},
 address = {Jyv{\"a}skyl{\"a}, Finland},
 urldate = {03.11.2014},
 school = {{University of Jyv{\"a}skyl{\"a}}},
 type = {Dissertation}
}


@incollection{Lewis.2010,
 author = {Lewis, Karron G.},
 title = {The Process of Individual Consultation},
 pages = {59--73},
 publisher = {Jossey-Bass},
 isbn = {0470405570},
 series = {The Jossey-Bass higher and adult education series},
 editor = {Gillespie, Kay Herr},
 booktitle = {A guide to faculty development},
 year = {2010},
 address = {San Francisco, California}
}


@article{Lloyd.2003,
 author = {Lloyd, Annemaree},
 year = {2003},
 title = {Information Literacy: The Meta-Competency of the Knowledge Economy? An Exploratory Paper},
 url = {\url{http://lis.sagepub.com/cgi/reprint/35/2/87}},
 keywords = {information literacy},
 urldate = {31.10.2014},
 pages = {87--91},
 volume = {35},
 number = {2},
 journal = {Journal of Librarianship and Information Science}
}


@article{Lloyd.2005,
 author = {Lloyd, Annemaree},
 year = {2005},
 title = {Information literacy: Different contexts, different concepts, different truths?},
 keywords = {information literacy},
 pages = {82--88},
 volume = {37},
 number = {2},
 journal = {Journal of Librarianship and Information Science},
 doi = {\url{10.1177/0961000605055355}}
}


@book{Lombard.2010,
 author = {Lombard, Emmett},
 year = {2010},
 title = {Pursuing information literacy: Roles and relationships},
 address = {Oxford},
 publisher = {Chandos},
 isbn = {1843345900},
 series = {Chandos information professional series}
}


@article{Marcum.2002,
 author = {Marcum, J. W.},
 year = {2002},
 title = {Rethinking Information Literacy},
 pages = {1},
 volume = {72},
 number = {1},
 journal = {Library Quarterly}
}


@book{Markey.2014,
 author = {Markey, Karen and Leeder, Chris and Rieh, Soo Young},
 year = {2014},
 title = {Designing Online Information Literacy Games Students Want to Play},
 publisher = {{Rowman {\&} Littlefield}},
 isbn = {9780810891425}
}


@book{Martin.2004,
 year = {2004},
 title = {Information and IT literacy},
 keywords = {computer literacy;information literacy},
 address = {London},
 publisher = {Facet},
 isbn = {1-856044-63-7},
 editor = {Martin, Allan and Rader, Hannelore}
}


@book{McAdoo.2010,
 author = {McAdoo, Monty L.},
 year = {2010},
 title = {Building bridges: Connecting faculty, students, and the college library},
 address = {Chicago, Illinois},
 publisher = {{American Library Association}},
 isbn = {978-0-8389-1019-1}
}


@misc{McLoughlin.2000,
 author = {McLoughlin, Catherine and Luca, Joe},
 year = {2000},
 title = {Learning Through Self-Direction: The Influence of Task Design on Team-Based Professional Knowledge Building in an Online Environment: Presentation held at the ASCILITE Conference 9-14th December 2000},
 url = {\url{http://www.ascilite.org.au/conferences/coffs00/papers/catherine_mcloughlin.pdf}},
 keywords = {E-Learning;independent learning;task design},
 address = {Coffs Harbour},
 urldate = {31.10.2014}
}


@book{Menager.2009,
 author = {Menager, Rosemarie and Paulos, Lyn},
 year = {2009},
 title = {Quick coach guide to avoiding plagiarism},
 address = {Boston, Mass.},
 edition = {3},
 publisher = {{Heinle {\&} Heinle}},
 isbn = {0547203403}
}


@book{Muhlbacher.2009,
 author = {M{\"u}hlbacher, Susanne},
 year = {2009},
 title = {Information literacy in enterprises},
 price = {EUR 32.90},
 address = {Boizenburg},
 volume = {51},
 publisher = {H{\"u}lsbusch},
 isbn = {9783940317452},
 series = {Schriften zur Informationswissenschaft},
 institution = {{Universit{\"a}t Regensburg}}
}


@book{Mutch.2008,
 author = {Mutch, Alistair},
 year = {2008},
 title = {Managing information and knowledge in organizations: A literacy approach},
 price = {alk. paper},
 keywords = {Information technology;knowledge management;Management;Organizational learning},
 address = {New York},
 publisher = {Routledge},
 isbn = {9780203933176},
 series = {Routledge series in information systems}
}


@misc{NHSEducationforScotland.,
 editor = {{NHS Education for Scotland}},
 title = {Information Literacy},
 url = {\url{http://www.infoliteracy.scot.nhs.uk/home.aspx}},
 urldate = {29.09.2010}
}


@misc{Niederhauser.2015,
 author = {Niederhauser, J{\"u}rg and Meurer, Peter and Schluchter, Manfred},
 year = {2015},
 title = {Writing a Research Paper with Citavi 5: Translated by Jennifer L. Schultz},
 url = {\url{http://www.citavi.com/service/en/docs/Citavi_5_Writing_a_Research_Paper.pdf}},
 address = {W{\"a}denswil, Switzerland},
 urldate = {08.08.2015},
 institution = {{Swiss Academic Software GmbH}}
}


@misc{NorthumbriaUniversity.2014,
 editor = {{Northumbria University}},
 year = {2014},
 title = {Developing digital literacies: Final Report},
 url = {\url{https://www.jisc.ac.uk/full-guide/developing-digital-literacies}},
 keywords = {information literacy},
 urldate = {12.01.2015}
}


@book{Pears.2013,
 author = {Pears, Richard and Shields, Graham},
 year = {2013},
 title = {Cite them right: The essential referencing guide},
 address = {Basingstoke},
 urldate = {31.10.2014},
 edition = {9},
 publisher = {{Palgrave Macmillan}},
 isbn = {9781137273116},
 series = {Palgrave study skills}
}


@book{Pleisteiner.2007,
 year = {2007},
 title = {Langenscheidt, Universal-W{\"o}rterbuch Englisch: Englisch-deutsch, deutsch-englisch},
 price = {EUR 8.50 (DE)},
 address = {Berlin, M{\"u}nchen, Wien, Z{\"u}rich, New York, NY},
 edition = {Neubearb},
 publisher = {Langenscheidt},
 isbn = {978-3-468-18127-6},
 editor = {Pleisteiner, Heike}
}


@book{Rader.2002,
 year = {2002},
 title = {Teaching and assessing information skills in the twenty-first century},
 keywords = {information literacy},
 address = {Champaign, Illinois},
 publisher = {{University of Illinois Press}},
 editor = {Rader, Hannelore B.}
}


@book{Ragains.2013,
 year = {2013},
 title = {Information literacy instruction that works a guide to teaching by discipline and student population},
 address = {Chicago, Illinois},
 edition = {2},
 publisher = {Neal-Schuman},
 isbn = {9781555708603},
 editor = {Ragains, Patrick}
}


@incollection{Ragains.2013b,
 author = {Ragains, Patrick and Emmons, Mark},
 title = {Setting the Stage for Information Literacy Education},
 pages = {Chapter 1},
 publisher = {Neal-Schuman},
 isbn = {9781555708603},
 editor = {Ragains, Patrick},
 booktitle = {Information literacy instruction that works a guide to teaching by discipline and student population},
 year = {2013},
 address = {Chicago, Illinois}
}


@misc{Robertson.2005,
 author = {Robertson, James},
 year = {2005},
 title = {10 principles of effective information management},
 url = {\url{http://www.steptwo.com.au/files/kmc_effectiveim.pdf}},
 keywords = {information management},
 urldate = {31.10.2014}
}


@article{Rogow.2004,
 author = {Rogow, Faith},
 year = {2004},
 title = {Shifting from Media to Literacy: One Opinion on the Challenges of Media Literacy Education},
 keywords = {information literacy;media literacy},
 pages = {30--34},
 volume = {48},
 journal = {American Behavioral Scientist},
 doi = {\url{10.1177/0002764204267248}}
}


@book{RossLarson.2002,
 author = {Ross-Larson, Bruce Clifford},
 year = {2002},
 title = {Writing for the Information Age},
 address = {New York},
 publisher = {{W.W. Norton}},
 isbn = {978-0-393-04786-8}
}


@book{Rumsey.2008,
 author = {Rumsey, Sally},
 year = {2008},
 title = {How to find information},
 keywords = {information literacy;information resources;information retrieval;plagiarism;research methodology},
 address = {Maidenhead},
 edition = {2},
 publisher = {{Open University Press}},
 isbn = {0-335214-28-2}
}


@article{Senkbeil.2013,
 author = {Senkbeil, Martin and Ihme, Jan Marten and Wittwer, J{\"o}rg},
 year = {2013},
 title = {The Test of Technological and Information Literacy (TILT) in the National Educational Panel Study: Development, empirical testing, and evidence for validity},
 url = {\url{http://nbn-resolving.de/urn:nbn:de:0111-opus-84281}},
 pages = {139--161},
 volume = {5},
 number = {2},
 journal = {Journal for educational research online}
}


@article{Sharp.2014,
 author = {Sharp, Laurie A.},
 year = {2014},
 title = {Literacy in the Digital Age},
 pages = {74--82},
 volume = {24},
 journal = {The Language and Literacy Spectrum}
}


@book{SharplessSmith.2010,
 author = {{Sharpless Smith}, Susan},
 year = {2010},
 title = {Web Based Instruction: A Guide for Libraries},
 keywords = {instruction concepts;web based training},
 address = {Chicago, Illinois},
 publisher = {{American Library Association}}
}


@book{Smith.2005,
 author = {Smith, Jane Bandy and Churchill, Lisa and Mason, Lucy},
 year = {2005},
 title = {Teaching {\&} testing information literacy skills},
 price = {USD 44.95},
 keywords = {information literacy;instruction concepts;learning success tracking},
 address = {Worthington, Ohio},
 publisher = {{Linworth Books}},
 isbn = {1-586830-78-3}
}


@article{Snavely.1997,
 author = {Snavely, Loanne and Cooper, Natasha},
 year = {1997},
 title = {The information literacy debate},
 pages = {9--14},
 volume = {23},
 number = {1},
 issn = {0099-1333},
 journal = {The Journal of Academic Librarianship},
 doi = {\url{10.1016/S0099-1333(97)90066-5}}
}


@incollection{Sorcinelli.2010,
 author = {Sorcinelli, Mary Deane},
 title = {Ten Principles of Good Practice in Creating and Sustaining Teaching and Learning Centers},
 pages = {9--23},
 publisher = {Jossey-Bass},
 isbn = {0470405570},
 series = {The Jossey-Bass higher and adult education series},
 editor = {Gillespie, Kay Herr},
 booktitle = {A guide to faculty development},
 year = {2010},
 address = {San Francisco, California}
}


@book{Stark.2014,
 author = {Stark, Birgit},
 year = {2014},
 title = {Die Googleisierung der Informationssuche: Suchmaschinen zwischen Nutzung und Regulierung},
 address = {Berlin},
 volume = {10},
 publisher = {{De Gruyter}},
 isbn = {3110338181},
 series = {Media Convergence / Medienkonvergenz}
}


@book{Staw.2005,
 author = {Staw, Jane Anne},
 year = {2005},
 title = {Unstuck: A supportive and practical guide to working through writer's block},
 address = {New York},
 publisher = {{St. Martin's Griffin}},
 isbn = {0312339801}
}


@article{Strong.1997,
 author = {Strong, Diane M. and Lee, Yang W. and Wang, Richard Y.},
 year = {1997},
 title = {10 Potholes in the Road to Information Quality},
 keywords = {information quality},
 urldate = {31.10.2014},
 pages = {38--46},
 volume = {30},
 number = {8},
 journal = {Computer IEEE}
}


@misc{SwissAcademicSoftwareGmbH.2015,
 author = {{Swiss Academic Software GmbH}},
 year = {2015},
 title = {Citavi},
 url = {\url{http://www.citavi.com}},
 keywords = {Citavi;reference management},
 address = {W{\"a}denswil, Switzerland}
}


@book{Thompson.2014,
 author = {Thompson, Kim Mitzo and Jaeger, Paul T. and Taylor, Natalie Greene and Bertot, John Carlo},
 year = {2014},
 title = {Digital Literacy and Digital Inclusion: Information Policy and the Public Library},
 publisher = {{Rowman {\&} Littlefield}},
 isbn = {9780810892712}
}


@incollection{Tiberius.2010,
 author = {Tiberius, Richard G.},
 title = {Problem-Based Learning},
 pages = {180--194},
 publisher = {Jossey-Bass},
 isbn = {0470405570},
 series = {The Jossey-Bass higher and adult education series},
 editor = {Gillespie, Kay Herr},
 booktitle = {A guide to faculty development},
 year = {2010},
 address = {San Francisco, California}
}


@article{Trauth.1986,
 author = {Trauth, Eileen M.},
 year = {1986},
 title = {A college curriculum for information literacy},
 keywords = {computer literacy;curriculum;information literacy},
 pages = {251--258},
 volume = {2},
 number = {4},
 journal = {Education and Computing}
}


@book{UniversityofChicagoPress.2008,
 author = {{University of Chicago Press}},
 year = {2008},
 title = {The Chicago manual of style},
 address = {Chicago, Illinois},
 edition = {15},
 publisher = {{University of Chicago Press}},
 isbn = {9780226104034}
}


@article{Urquhart.2005,
 author = {Urquhart, Christine and Thomas, Rhian and Spink, Si{\^a}n and Fenton, Roger and Yeoman, Alison and Lonsdale, Ray and Armstrong, Chris and Banwell, Linda and Ray, Kathryn and Coulson, Graham and Rowley, Jennifer},
 year = {2005},
 title = {Student use of electronic information services in further education},
 keywords = {continuing education;digital information resources;digital libraries;electronic information services;information literacy},
 pages = {347--362},
 volume = {25},
 number = {4},
 issn = {0268-4012},
 journal = {International Journal of Information Management},
 doi = {\url{10.1016/j.ijinfomgt.2005.04.006}}
}


@article{Virkus.2003,
 author = {Virkus, Sirje},
 year = {2003},
 title = {Information literacy in Europe: A literature review},
 keywords = {historical development;information literacy;research methodology;standards},
 urldate = {31.10.2014},
 volume = {8},
 number = {9},
 journal = {Information Research}
}


@article{Warmkessel.1997,
 author = {Warmkessel, Marjorie M. and McCade, Joseph M.},
 year = {1997},
 title = {Integrating information literacy into the curriculum},
 keywords = {curriculum},
 pages = {80--88},
 volume = {15},
 number = {2},
 journal = {Research Strategies},
 doi = {\url{10.1016/S0734-3310(97)90024-0}}
}


@article{Weaver.2014,
 author = {Weaver, Kari D. and Rhodes, Lynne A.},
 year = {2014},
 title = {Tracking Information Literacy Competencies through Institutional Assessments},
 url = {\url{http://digitalcommons.georgiasouthern.edu/gaintlit/2014/2014/30/}}
}


@book{Weber.1994,
 author = {Weber, Max},
 year = {1994},
 title = {Max Weber-Studienausgabe: Band I/17},
 address = {T{\"u}bingen},
 publisher = {Mohr},
 isbn = {978-3-16-145813-2}
}


@incollection{Weber.1994b,
 author = {Weber, Max},
 title = {Wissenschaft als Beruf [1919]},
 pages = {1--23},
 publisher = {Mohr},
 isbn = {978-3-16-145813-2},
 editor = {Mommsen, Wolfgang J. and Schluchter, Wolfgang},
 booktitle = {Max Weber-Studienausgabe},
 year = {1994},
 address = {T{\"u}bingen}
}


@misc{Weiner.05.07.2014,
 author = {Weiner, Sharon A. and Wang, Li},
 year = {05.07.2014},
 title = {Preparing Librarians to be Campus Leaders through Mapping and Integrating Information Literacy into Curriculum},
 url = {\url{http://docs.lib.purdue.edu/lib_fspres/55/}},
 keywords = {curriculum;curriculum mapping;information literacy;institutional assessment;librarians},
 urldate = {31.10.2014},
 number = {Paper 55},
 series = {Libraries Faculty and Staff Presentations}
}


@book{Weyers.2013,
 author = {Weyers, Jonathan D. B. and McMillan, Kathleen},
 year = {2013},
 title = {How to cite, reference {\&} avoid plagiarism at university},
 address = {Harlow},
 publisher = {Pearson},
 isbn = {9780273773368},
 series = {Smarter study skills}
}


@misc{Wikipedia.28.08.2015,
 editor = {Wikipedia},
 year = {28.08.2015},
 title = {Zugfestigkeit},
 url = {\url{https://de.wikipedia.org/w/index.php?oldid=143974363}},
 urldate = {02.10.2015}
}


@article{Williamson.2009,
 author = {Williamson, Kirsty and Asla, Terryl},
 year = {2009},
 title = {Information behavior of people in the fourth age: Implications for the conceptualization of information literacy},
 pages = {76--83},
 volume = {31},
 number = {2},
 issn = {07408188},
 journal = {Library {\&} Information Science Research},
 doi = {\url{10.1016/j.lisr.2009.01.002}}
}


@misc{Windham.2006,
 author = {Windham, Cary},
 year = {2006},
 title = {Getting Past Google: Perspectives on Information Literacy from the Millennial Mind},
 url = {\url{http://net.educause.edu/ir/library/pdf/ELI3007.pdf}},
 urldate = {31.10.2014},
 number = {3},
 series = {ELI Paper},
 editor = {Oblinger, Diana}
}


@article{Yaminfirooz.2013,
 author = {Yaminfirooz, Mousa and Siamian, Hasan and Shahrabi, Afsaneh},
 year = {2013},
 title = {Librarians' Role in Development and Achievement of Central Library Users' Information Literacy: A Case Study: Iran},
 pages = {238--241},
 volume = {25},
 number = {4},
 issn = {1512-7680},
 journal = {Materia socio-medica},
 doi = {\url{10.5455/msm.2013.25.238-241}}
}


