 % This file was created with Citavi 5.2.0.8
 
 @misc{Gabler,
 	abstract = {Beschwerdemanagement: Beschwerdemanagement betrifft den systematischen unternehmerischen Umgang mit Kundenbeschwerden. Ziele des Beschwerdemanagements liegen in der Stabilisierung gef{\"a}hrdeter Kundenbeziehungen und der Qualit{\"a}tssicherung. Zur Zielerreichung sind die Aufgaben des direkten und indirekten Beschwerdemanagementprozesses zu erf{\"u}llen. Zudem bedarf es einer konsistenten Gestaltung von personalpolitischen,},
 	year = {02.04.2016},
 	title = {Definition {\frqq} Beschwerdemanagement {\flqq} | Gabler Wirtschaftslexikon},
 	url = {http://wirtschaftslexikon.gabler.de/Definition/beschwerdemanagement.html},
 	keywords = {Beschwerdemanagement},
 	urldate = {02.04.2016}
 }
 
 
 @misc{Complaints,
 	abstract = {Complaints: A Critical Form of Communication.  Don't ignore this valuable feedback our customers provide.},
 	year = {02.04.2016},
 	title = {Complaints: A Critical Form of Communication},
 	url = {http://www.customerexpressions.com/cex/cexweb.nsf/(GetPages)/f0807e646e0c9bb885256ff20069fb8e},
 	keywords = {business;complaint;complaint management;consumers;customer;dispute;product;resolution;service},
 	urldate = {02.04.2016}
 }
 
 
 @misc{Franke,
 	author = {Franke, K.},
 	title = {Beschwerdemanagement - {\"A}rgernisse Ihrer Kunden systematisch aufl{\"o}sen und vermeiden},
 	urldate = {09.04.2016}
 }
 
 
 @misc{Wikipedia,
 	editor = {Wikipedia},
 	year = {02.03.2016},
 	title = {Beschwerdemanagement},
 	url = {https://de.wikipedia.org/w/index.php?oldid=150172654},
 	urldate = {02.04.2016}
 }
 
 @misc{Studpraes,
 	year = {02.03.2016},
 	title = {Studierendenpr채sentation},
 	url = {http://www.informdoku.de/05netzwerk/arbeitskreise/agideenundbeschwerden/studierendenpraesentation.pdf},
 	urldate = {02.04.2016}
 }
 
 @misc{Aufbau,
 	year = {02.03.2016},
 	title = {Aufbau eines Beschwerdemanagements},
 	url = {http://www.presenthub.de/allgemein/aufbau-eines-beschwerdemanagements/},
 	urldate = {02.04.2016}
 }
 
 @book{stauss2013beschwerdemanagement,
 	title={Beschwerdemanagement Excellence: State-of-the-Art und Herausforderungen der Beschwerdemanagement-Praxis in Deutschland},
 	author={Stauss, B. and Sch{\"o}ler, A.},
 	isbn={9783663015611},
 	url={https://books.google.de/books?id=NLwiBgAAQBAJ},
 	year={2013},
 	publisher={Gabler Verlag}
 }
 
 @misc{dgq,
 	title = {Lehrgang Qualit채tsmanagement I Grundlagen},
 	author = {Deutsche Gesellschaft f체r Qualit채t DGQ Weiterbildung GmbH}
 }
 
